%related work for graph window query

@article{bellamkonda2013adaptive,
  title={Adaptive and big data scale parallel execution in oracle},
  author={Bellamkonda, Srikanth and Li, Hua-Gang and Jagtap, Unmesh and Zhu, Yali and Liang, Vince and Cruanes, Thierry},
  journal={Proceedings of the VLDB Endowment},
  volume={6},
  number={11},
  pages={1102--1113},
  year={2013},
  publisher={VLDB Endowment}
}

@article{bender2005lowest,
  title={Lowest common ancestors in trees and directed acyclic graphs},
  author={Bender, Michael A and Farach-Colton, Mart{\'\i}n and Pemmasani, Giridhar and Skiena, Steven and Sumazin, Pavel},
  journal={Journal of Algorithms},
  volume={57},
  number={2},
  pages={75--94},
  year={2005},
  publisher={Elsevier}
}

@inproceedings{briscoe2013determining,
  title={Determining credibility from social network structure},
  author={Briscoe, Erica J and Appling, D Scott and Mappus IV, Rudolph L and Hayes, Heather},
  booktitle={Proceedings of the 2013 IEEE/ACM International Conference on Advances in Social Networks Analysis and Mining},
  pages={1418--1424},
  year={2013},
  organization={ACM}
}

@article{broder1997syntactic,
  title={Syntactic clustering of the web},
  author={Broder, Andrei Z and Glassman, Steven C and Manasse, Mark S and Zweig, Geoffrey},
  journal={Computer Networks and ISDN Systems},
  volume={29},
  number={8},
  pages={1157--1166},
  year={1997},
  publisher={Elsevier}
}

@book{burt2009structural,
  title={Structural holes: The social structure of competition},
  author={Burt, Ronald S},
  year={2009},
  publisher={Harvard university press}
}

@article{campanario2011empirical,
  title={Empirical study of journal impact factors obtained using the classical two-year citation window versus a five-year citation window},
  author={Campanario, Juan Miguel},
  journal={Scientometrics},
  volume={87},
  number={1},
  pages={189--204},
  year={2011},
  publisher={Akad{\'e}miai Kiad{\'o}, co-published with Springer Science+ Business Media BV, Formerly Kluwer Academic Publishers BV}
}

@article{cao2012optimization,
  title={Optimization of analytic window functions},
  author={Cao, Yu and Chan, Chee-Yong and Li, Jie and Tan, Kian-Lee},
  journal={Proceedings of the VLDB Endowment},
  volume={5},
  number={11},
  pages={1244--1255},
  year={2012},
  publisher={VLDB Endowment}
}

@inproceedings{chen2008graph,
  title={Graph OLAP: Towards online analytical processing on graphs},
  author={Chen, Chen and Yan, Xifeng and Zhu, Feida and Han, Jiawei and Philip, S Yu},
  booktitle={2008 Eighth IEEE International Conference on Data Mining},
  pages={103--112},
  year={2008},
  organization={IEEE}
}

@article{cheng2012k,
  title={K-reach: who is in your small world},
  author={Cheng, James and Shang, Zechao and Cheng, Hong and Wang, Haixun and Yu, Jeffrey Xu},
  journal={Proceedings of the VLDB Endowment},
  volume={5},
  number={11},
  pages={1292--1303},
  year={2012},
  publisher={VLDB Endowment}
}

@article{czumaj2007faster,
  title={Faster algorithms for finding lowest common ancestors in directed acyclic graphs},
  author={Czumaj, Artur and Kowaluk, Miros{\l}aw and Lingas, Andrzej},
  journal={Theoretical Computer Science},
  volume={380},
  number={1},
  pages={37--46},
  year={2007},
  publisher={Elsevier}
}

@inproceedings{dai2012predicting,
  title={Predicting offline behaviors from online features: an ego-centric dynamical network approach},
  author={Dai, Lianghao and Luo, Jar-der and Fu, Xiaoming and Li, Zhichao},
  booktitle={Proceedings of the First ACM International Workshop on Hot Topics on Interdisciplinary Social Networks Research},
  pages={17--24},
  year={2012},
  organization={ACM}
}

@article{holsapple2003citation,
  title={A citation analysis of influences on collaborative computing research},
  author={Holsapple, Clyde W and Luo, Wenhong},
  journal={Computer Supported Cooperative Work (CSCW)},
  volume={12},
  number={3},
  pages={351--366},
  year={2003},
  publisher={Springer}
}

@article{keseler2005ecocyc,
  title={EcoCyc: a comprehensive database resource for Escherichia coli},
  author={Keseler, Ingrid M and Collado-Vides, Julio and Gama-Castro, Socorro and Ingraham, John and Paley, Suzanne and Paulsen, Ian T and Peralta-Gil, Mart{\'\i}n and Karp, Peter D},
  journal={Nucleic acids research},
  volume={33},
  number={suppl 1},
  pages={D334--D337},
  year={2005},
  publisher={Oxford Univ Press}
}

@incollection{ma2010ego,
  title={Ego-centric network sampling in viral marketing applications},
  author={Ma, Huaiyu Harry and Gustafson, Steven and Moitra, Abha and Bracewell, David},
  booktitle={Mining and Analyzing Social Networks},
  pages={35--51},
  year={2010},
  publisher={Springer}
}

@article{ma2008bringing,
  title={Bringing PageRank to the citation analysis},
  author={Ma, Nan and Guan, Jiancheng and Zhao, Yi},
  journal={Information Processing \& Management},
  volume={44},
  number={2},
  pages={800--810},
  year={2008},
  publisher={Elsevier}
}

@inproceedings{mondal2014eagr,
  title={Eagr: Supporting continuous ego-centric aggregate queries over large dynamic graphs},
  author={Mondal, Jayanta and Deshpande, Amol},
  booktitle={Proceedings of the 2014 ACM SIGMOD International Conference on Management of Data},
  pages={1335--1346},
  year={2014},
  organization={ACM}
}

@inproceedings{tian2008efficient,
  title={Efficient aggregation for graph summarization},
  author={Tian, Yuanyuan and Hankins, Richard A and Patel, Jignesh M},
  booktitle={Proceedings of the 2008 ACM SIGMOD international conference on Management of data},
  pages={567--580},
  year={2008},
  organization={ACM}
}

@article{vassilevska2004finding,
  title={Finding nonoverlapping dense blocks of a sparse matrix},
  author={Vassilevska, Virginia and Pinar, Ali},
  journal={Lawrence Berkeley National Laboratory},
  year={2004}
}

@inproceedings{wang2014pagrol,
  title={Pagrol: parallel graph olap over large-scale attributed graphs},
  author={Wang, Zhengkui and Fan, Qi and Wang, Huiju and Tan, Kian-Lee and Agrawal, Divyakant and El Abbadi, Amr},
  booktitle={2014 IEEE 30th International Conference on Data Engineering},
  pages={496--507},
  year={2014},
  organization={IEEE}
}

@inproceedings{yan2010top,
  title={Top-k aggregation queries over large networks},
  author={Yan, Xifeng and He, Bin and Zhu, Feida and Han, Jiawei},
  booktitle={2010 IEEE 26th International Conference on Data Engineering (ICDE 2010)},
  pages={377--380},
  year={2010},
  organization={IEEE}
}

@article{yildirim2013dagger,
  title={Dagger: A scalable index for reachability queries in large dynamic graphs},
  author={Yildirim, Hilmi and Chaoji, Vineet and Zaki, Mohammed J},
  journal={arXiv preprint arXiv:1301.0977},
  year={2013}
}

@incollection{yu2010graph,
  title={Graph reachability queries: A survey},
  author={Yu, Jeffrey Xu and Cheng, Jiefeng},
  booktitle={Managing and Mining Graph Data},
  pages={181--215},
  year={2010},
  publisher={Springer}
}

@article{zemke2012s,
  title={What. s new in SQL: 2011},
  author={Zemke, Fred},
  journal={ACM SIGMOD Record},
  volume={41},
  number={1},
  pages={67--73},
  year={2012},
  publisher={ACM}
}

@inproceedings{zhao2011graph,
  title={Graph cube: on warehousing and OLAP multidimensional networks},
  author={Zhao, Peixiang and Li, Xiaolei and Xin, Dong and Han, Jiawei},
  booktitle={Proceedings of the 2011 ACM SIGMOD International Conference on Management of data},
  pages={853--864},
  year={2011},
  organization={ACM}
}

%Relatedworks for k-sketch query
@inproceedings{agrawal2009diversifying,
  title={Diversifying search results},
  author={Agrawal, Rakesh and Gollapudi, Sreenivas and Halverson, Alan and Ieong, Samuel},
  booktitle={Proceedings of the Second ACM International Conference on Web Search and Data Mining},
  pages={5--14},
  year={2009},
  organization={ACM}
}

@inproceedings{alon2003online,
  title={The online set cover problem},
  author={Alon, Noga and Awerbuch, Baruch and Azar, Yossi},
  booktitle={Proceedings of the thirty-fifth annual ACM symposium on Theory of computing},
  pages={100--105},
  year={2003},
  organization={ACM}
}

@inproceedings{awerbuch1996making,
  title={Making commitments in the face of uncertainty: How to pick a winner almost every time},
  author={Awerbuch, Baruch and Azar, Yossi and Fiat, Amos and Leighton, Tom},
  booktitle={Proceedings of the twenty-eighth annual ACM symposium on Theory of computing},
  pages={519--530},
  year={1996},
  organization={ACM}
}

@incollection{de2000computational,
  title={Computational geometry},
  author={De Berg, Mark and Van Kreveld, Marc and Overmars, Mark and Schwarzkopf, Otfried Cheong},
  booktitle={Computational geometry},
  pages={1--17},
  year={2000},
  publisher={Springer}
}

@inproceedings{borodin2012max,
  title={Max-sum diversification, monotone submodular functions and dynamic updates},
  author={Borodin, Allan and Lee, Hyun Chul and Ye, Yuli},
  booktitle={Proceedings of the 31st ACM SIGMOD-SIGACT-SIGAI symposium on Principles of Database Systems},
  pages={155--166},
  year={2012},
  organization={ACM}
}

@inproceedings{chen2015diversity,
  title={Diversity-Aware Top-k Publish/Subscribe for Text Stream},
  author={Chen, Lisi and Cong, Gao},
  booktitle={Proceedings of the 2015 ACM SIGMOD International Conference on Management of Data},
  pages={347--362},
  year={2015},
  organization={ACM}
}

@article{choe2002freeway,
  title={Freeway performance measurement system: operational analysis tool},
  author={Choe, Tom and Skabardonis, Alexander and Varaiya, Pravin},
  journal={Transportation Research Record: Journal of the Transportation Research Board},
  number={1811},
  pages={67--75},
  year={2002},
  publisher={Transportation Research Board of the National Academies}
}

@article{drosou2014diverse,
  title={Diverse set selection over dynamic data},
  author={Drosou, Marina and Pitoura, Evaggelia},
  journal={IEEE Transactions on Knowledge and Data Engineering},
  volume={26},
  number={5},
  pages={1102--1116},
  year={2014},
  publisher={IEEE}
}

@incollection{edwards2013partial,
  title={Partial Interval Set Cover--Trade-Offs between Scalability and Optimality},
  author={Edwards, Katherine and Griffiths, Simon and Kennedy, William Sean},
  booktitle={Approximation, Randomization, and Combinatorial Optimization. Algorithms and Techniques},
  pages={110--125},
  year={2013},
  publisher={Springer}
}

@article{nemhauser1978analysis,
  title={An analysis of approximations for maximizing submodular set functions—I},
  author={Nemhauser, George L and Wolsey, Laurence A and Fisher, Marshall L},
  journal={Mathematical Programming},
  volume={14},
  number={1},
  pages={265--294},
  year={1978},
  publisher={Springer}
}

@article{hassan2014data,
  title={Data in, fact out: automated monitoring of facts by FactWatcher},
  author={Hassan, Naeemul and Sultana, Afroza and Wu, You and Zhang, Gensheng and Li, Chengkai and Yang, Jun and Yu, Cong},
  journal={Proceedings of the VLDB Endowment},
  volume={7},
  number={13},
  pages={1557--1560},
  year={2014},
  publisher={VLDB Endowment}
}

@inproceedings{laxman2007nonoverlapepisodes,
  title={A fast algorithm for finding frequent episodes in event streams},
  author={Laxman, Srivatsan and Sastry, PS and Unnikrishnan, KP},
  booktitle={Proceedings of the 13th ACM SIGKDD international conference on Knowledge discovery and data mining},
  pages={410--419},
  year={2007},
  organization={ACM}
}

@misc{asuncion2007uci,
  title={UCI machine learning repository},
  author={Asuncion, Arthur and Newman, David},
  year={2007}
}

@article{mannila1997discepisodes,
  title={Discovery of frequent episodes in event sequences},
  author={Mannila, Heikki and Toivonen, Hannu and Verkamo, A Inkeri},
  journal={Data mining and knowledge discovery},
  volume={1},
  number={3},
  pages={259--289},
  year={1997},
  publisher={Springer}
}

@inproceedings{saha2009maximum,
  title={On Maximum Coverage in the Streaming Model \& Application to Multi-topic Blog-Watch.},
  author={Saha, Barna and Getoor, Lise},
  booktitle={SDM},
  volume={9},
  pages={697--708},
  year={2009},
  organization={SIAM}
}

@inproceedings{sultana2014incremental,
  title={Incremental discovery of prominent situational facts},
  author={Sultana, Afroza and Hassan, Naeemul and Li, Chengkai and Yang, Jun and Yu, Cong},
  booktitle={2014 IEEE 30th International Conference on Data Engineering},
  pages={112--123},
  year={2014},
  organization={IEEE}
}

@article{tatti2012strictepisodes,
  title={Mining closed strict episodes},
  author={Tatti, Nikolaj and Cule, Boris},
  journal={Data Mining and Knowledge Discovery},
  volume={25},
  number={1},
  pages={34--66},
  year={2012},
  publisher={Springer}
}

@inproceedings{wu2012one,
  title={On one of the few objects},
  author={Wu, You and Agarwal, Pankaj K and Li, Chengkai and Yang, Jun and Yu, Cong},
  booktitle={Proceedings of the 18th ACM SIGKDD international conference on Knowledge discovery and data mining},
  pages={1487--1495},
  year={2012},
  organization={ACM}
}

@article{zhang2014discovering,
  title={Discovering general prominent streaks in sequence data},
  author={Zhang, Gensheng and Jiang, Xiao and Luo, Ping and Wang, Min and Li, Chengkai},
  journal={ACM Transactions on Knowledge Discovery from Data (TKDD)},
  volume={8},
  number={2},
  pages={9},
  year={2014},
  publisher={ACM}
}

@inproceedings{zhou2010serialepisodes,
  title={Mining closed episodes from event sequences efficiently},
  author={Zhou, Wenzhi and Liu, Hongyan and Cheng, Hong},
  booktitle={Pacific-Asia Conference on Knowledge Discovery and Data Mining},
  pages={310--318},
  year={2010},
  organization={Springer}
}

%related works for trajectory query 
@inproceedings{zheng2011urban,
  title={Urban computing with taxicabs},
  author={Zheng, Yu and Liu, Yanchi and Yuan, Jing and Xie, Xing},
  booktitle={Proceedings of the 13th international conference on Ubiquitous computing},
  pages={89--98},
  year={2011},
  organization={ACM}
}

@inproceedings{li2010mining,
  title={Mining periodic behaviors for moving objects},
  author={Li, Zhenhui and Ding, Bolin and Han, Jiawei and Kays, Roland and Nye, Peter},
  booktitle={Proceedings of the 16th ACM SIGKDD international conference on Knowledge discovery and data mining},
  pages={1099--1108},
  year={2010},
  organization={ACM}
}

@article{bao2013survey,
  title={A survey on recommendations in location-based social networks},
  author={Bao, Jie and Zheng, Yu and Wilkie, David and Mokbel, Mohamed F},
  journal={ACM Transaction on Intelligent Systems and Technology},
  year={2013}
}

@phdthesis{li2013managing,
  title={Managing moving objects and their trajectories},
  author={Li, Xiaohui and Kian-Lee, Tan} ,
  year={2013},
  school={National University of Singapore}
}

@article{zheng2015trajectory,
  title={Trajectory data mining: an overview},
  author={Zheng, Yu},
  journal={ACM Transactions on Intelligent Systems and Technology (TIST)},
  volume={6},
  number={3},
  pages={29},
  year={2015},
  publisher={ACM}
}

@inproceedings{gudmundsson2006computing,
  title={Computing longest duration flocks in trajectory data},
  author={Gudmundsson, Joachim and van Kreveld, Marc},
  booktitle={Proceedings of the 14th annual ACM international symposium on Advances in geographic information systems},
  pages={35--42},
  year={2006},
  organization={ACM}
}

@article{wang2006grouppattern,
  title={Efficient mining of group patterns from user movement data},
  author={Wang, Yida and Lim, Ee-Peng and Hwang, San-Yih},
  journal={Data \& Knowledge Engineering},
  volume={57},
  number={3},
  pages={240--282},
  year={2006},
  publisher={Elsevier}
}

@article{jeung2008discovery,
  title={Discovery of convoys in trajectory databases},
  author={Jeung, Hoyoung and Yiu, Man Lung and Zhou, Xiaofang and Jensen, Christian S and Shen, Heng Tao},
  journal={Proceedings of the VLDB Endowment},
  volume={1},
  number={1},
  pages={1068--1080},
  year={2008},
  publisher={VLDB Endowment}
}

@article{li2010swarm,
  title={Swarm: Mining relaxed temporal moving object clusters},
  author={Li, Zhenhui and Ding, Bolin and Han, Jiawei and Kays, Roland},
  journal={Proceedings of the VLDB Endowment},
  volume={3},
  number={1-2},
  pages={723--734},
  year={2010},
  publisher={VLDB Endowment}
}

@article{li2015platoon,
  title={Efficient mining of platoon patterns in trajectory databases},
  author={Li, Yuxuan and Bailey, James and Kulik, Lars},
  journal={Data \& Knowledge Engineering},
  volume={100},
  pages={167--187},
  year={2015},
  publisher={Elsevier}
}

@inproceedings{gudmundsson2004efficient,
  title={Efficient detection of motion patterns in spatio-temporal data sets},
  author={Gudmundsson, Joachim and van Kreveld, Marc and Speckmann, Bettina},
  booktitle={Proceedings of the 12th annual ACM international workshop on Geographic information systems},
  pages={250--257},
  year={2004},
  organization={ACM}
}

@inproceedings{ester1996density,
  title={A density-based algorithm for discovering clusters in large spatial databases with noise.},
  author={Ester, Martin and Kriegel, Hans-Peter and Sander, J{\"o}rg and Xu, Xiaowei and others},
  booktitle={Kdd},
  volume={96},
  pages={226--231},
  year={1996}
}

@incollection{laube2005finding,
  title={Finding REMO—detecting relative motion patterns in geospatial lifelines},
  author={Laube, Patrick and van Kreveld, Marc and Imfeld, Stephan},
  booktitle={Developments in spatial data handling},
  pages={201--215},
  year={2005},
  publisher={Springer}
}

@article{douglas1973linesimplification,
  title={Algorithms for the reduction of the number of points required to represent a digitized line or its caricature},
  author={Douglas, David H and Peucker, Thomas K},
  journal={Cartographica: The International Journal for Geographic Information and Geovisualization},
  volume={10},
  number={2},
  pages={112--122},
  year={1973},
  publisher={University of Toronto Press}
}

@inproceedings{kalnis2005movingclusters,
  title={On discovering moving clusters in spatio-temporal data},
  author={Kalnis, Panos and Mamoulis, Nikos and Bakiras, Spiridon},
  booktitle={International Symposium on Spatial and Temporal Databases},
  pages={364--381},
  year={2005},
  organization={Springer}
}

@inproceedings{aung2010discovery,
  title={Discovery of evolving convoys},
  author={Aung, Htoo Htet and Tan, Kian-Lee},
  booktitle={International Conference on Scientific and Statistical Database Management},
  pages={196--213},
  year={2010},
  organization={Springer}
}

@inproceedings{zheng2013gathering,
  title={On discovery of gathering patterns from trajectories},
  author={Zheng, Kai and Zheng, Yu and Yuan, Nicholas Jing and Shang, Shuo},
  booktitle={Data Engineering (ICDE), 2013 IEEE 29th International Conference on},
  pages={242--253},
  year={2013},
  organization={IEEE}
}

@inproceedings{jinno2012paralleltpattern,
  title={Parallel distributed trajectory pattern mining using MapReduce},
  author={Jinno, Ryota and Seki, Kazuhiro and Uehara, Kuniaki},
  booktitle={Cloud Computing Technology and Science (CloudCom), 2012 IEEE 4th International Conference on},
  pages={269--273},
  year={2012},
  organization={IEEE}
}

@article{li2013onlinegroup,
  title={Effective online group discovery in trajectory databases},
  author={Li, Xiaohui and Ceikute, Vaida and Jensen, Christian S and Tan, Kian-Lee},
  journal={IEEE Transactions on Knowledge and Data Engineering},
  volume={25},
  number={12},
  pages={2752--2766},
  year={2013},
  publisher={IEEE}
}

@inproceedings{kwon2012skewtune,
  title={Skewtune: mitigating skew in mapreduce applications},
  author={Kwon, YongChul and Balazinska, Magdalena and Howe, Bill and Rolia, Jerome},
  booktitle={Proceedings of the 2012 ACM SIGMOD International Conference on Management of Data},
  pages={25--36},
  year={2012},
  organization={ACM}
}

@inproceedings{coppa2015data,
  title={On data skewness, stragglers, and MapReduce progress indicators},
  author={Coppa, Emilio and Finocchi, Irene},
  booktitle={Proceedings of the Sixth ACM Symposium on Cloud Computing},
  pages={139--152},
  year={2015},
  organization={ACM}
}

@inproceedings{wang2003closet+,
  title={Closet+: Searching for the best strategies for mining frequent closed itemsets},
  author={Wang, Jianyong and Han, Jiawei and Pei, Jian},
  booktitle={Proceedings of the ninth ACM SIGKDD international conference on Knowledge discovery and data mining},
  pages={236--245},
  year={2003},
  organization={ACM}
}

@inproceedings{pei2000closet,
  title={CLOSET: An Efficient Algorithm for Mining Frequent Closed Itemsets.},
  author={Pei, Jian and Han, Jiawei and Mao, Runying and others},
  booktitle={ACM SIGMOD workshop on research issues in data mining and knowledge discovery},
  volume={4},
  number={2},
  pages={21--30},
  year={2000}
}

@inproceedings{zaharia2012resilient,
  title={Resilient distributed datasets: A fault-tolerant abstraction for in-memory cluster computing},
  author={Zaharia, Matei and Chowdhury, Mosharaf and Das, Tathagata and Dave, Ankur and Ma, Justin and McCauley, Murphy and Franklin, Michael J and Shenker, Scott and Stoica, Ion},
  booktitle={Proceedings of the 9th USENIX conference on Networked Systems Design and Implementation},
  pages={2--2},
  year={2012},
  organization={USENIX Association}
}